<?xml version="1.0" encoding="UTF-8"?><collection xmlns="http://www.loc.gov/MARC21/slim"><record><leader>00324nam--2200121-i-4500</leader><controlfield tag="001">000025861</controlfield><controlfield tag="002">20161230</controlfield><controlfield tag="005">20161230201036</controlfield><controlfield tag="008">060222s1000------------r-----000-0-eng-d</controlfield><datafield ind1=" " ind2=" " tag="080"><subfield code="a">621.039.9</subfield></datafield><datafield ind1=" " ind2=" " tag="245"><subfield code="a">International safeguardds and the non-proliferation of nuclear weapons</subfield></datafield><datafield ind1=" " ind2=" " tag="260"><subfield code="a">Vienna, Iaea, 1985, 30p</subfield></datafield><datafield ind1=" " ind2=" " tag="852"><subfield code="a">72994</subfield></datafield></record></collection>